@article{ruppert1995delaunay,
  title={A Delaunay refinement algorithm for quality 2-dimensional mesh generation},
  author={Ruppert, Jim},
  journal={Journal of algorithms},
  volume={18},
  number={3},
  pages={548--585},
  year={1995},
  publisher={Elsevier}
}

@Article{	  abellanas.olaverri.ea:augmenting,
  author	= {M. Abellanas and A. Garc\'{\i}a Olaverri and F. Hurtado
		  and J. Tejel and J. Urrutia},
  title		= {Augmenting the connectivity of geometric graphs},
  journal	= {Computational Geometry Theory and Applications},
  volume	= {40},
  number	= {3},
  year		= {2008},
  pages		= {220--230}
}

@incollection{chin1995finding,
  title={Finding the medial axis of a simple polygon in linear time},
  author={Chin, Francis and Snoeyink, Jack and Wang, Cao An},
  booktitle={Algorithms and Computations},
  pages={382--391},
  year={1995},
  publisher={Springer}
}

@InProceedings{	  alamdari.angelini.ea:morphing,
  author	= {S. Alamdari and P. Angelini and T. M. Chan
		  and G. Di Battista and F. Frati and A. Lubiw
		  and M. Patrignani and V. Roselli and S. Singla and B. T. Wilkinson},
  title		= {Morphing Planar Graph Drawings with a Polynomial Number of
		  Steps},
  year		= {2013},
  pages		= {1656--1667},
  ee		= {http://dx.doi.org/10.1137/1.9781611973105.119},
  crossref	= {khanna:proceedings},
  bibsource	= {DBLP, http://dblp.uni-trier.de}
}

@InProceedings{	  angelini.dalozzo.ea:morphing,
  author	= {P. Angelini and G. Da Lozzo and G. Di
		  Battista and F. Frati and M. Patrignani and
		  V. Roselli},
  title		= {Morphing Planar Graph Drawings Optimally},
  year		= {2014},
  pages		= {126--137},
  ee		= {http://dx.doi.org/10.1007/978-3-662-43948-7_11},
  crossref	= {esparza.fraigniaud.ea:automata},
  bibsource	= {DBLP, http://dblp.uni-trier.de}
}

@Article{	  aronov.seidel.ea:on,
  author	= {B. Aronov and R. Seidel and D. L. Souvaine},
  title		= {On Compatible Triangulations of Simple Polygons},
  journal	= {Computational Geometry Theory and Applications},
  volume	= {3},
  year		= {1993},
  pages		= {27--35},
  ee		= {http://dx.doi.org/10.1016/0925-7721(93)90028-5},
  bibsource	= {DBLP, http://dblp.uni-trier.de}
}

@InProceedings{	  babikov.souvaine.ea:constructing,
  author	= {M. Babikov and D. L. Souvaine and R. Wenger},
  title		= {Constructing piecewise linear homeomorphisms of polygons
		  with holes},
  year		= {1997},
  crossref	= {cccg:proceedings},
  bibsource	= {DBLP, http://dblp.uni-trier.de}
}

@InProceedings{	  bern.eppstein:worst-case,
  author	= {M. W. Bern and D. Eppstein},
  title		= {Worst-Case Bounds for Subadditive Geometric Graphs},
  booktitle	= {Symposium on Computational Geometry},
  year		= {1993},
  pages		= {183--188},
  ee		= {http://doi.acm.org/10.1145/160985.161018},
  bibsource	= {DBLP, http://dblp.uni-trier.de}
}

@Article{	  cairns:deformations,
  author	= {S. S. Cairns},
  title		= {Deformations of plane rectilinear complexes},
  journal	= {American Mathematics Monthly},
  volume	= {51},
  pages		= {247--252},
  year		= {1944}
}

@InProceedings{	  callahan.kosaraju:faster,
  author	= {P. B. Callahan and S. Rao Kosaraju},
  title		= {Faster Algorithms for Some Geometric Graph Problems in
		  Higher Dimensions},
  year		= {1993},
  pages		= {291--300},
  ee		= {http://dl.acm.org/citation.cfm?id=313559.313777},
  crossref	= {ramachandran:proceedings},
  bibsource	= {DBLP, http://dblp.uni-trier.de}
}

@InProceedings{	  erten.kobourov.ea:intersection-free,
  author	= {C. Erten and S. G. Kobourov and C. Pitta},
  title		= {Intersection-Free Morphing of Planar Graphs},
  year		= {2003},
  pages		= {320--331},
  ee		= {http://dx.doi.org/10.1007/978-3-540-24595-7_30},
  crossref	= {liotta:graph},
  bibsource	= {DBLP, http://dblp.uni-trier.de}
}

@Proceedings{	  cccg:proceedings,
  title		= {Proceedings of the 9th Canadian Conference on
		  Computational Geometry, Kingston, Ontario, Canada, August
		  11-14, 1997},
  booktitle	= {Proceedings of the 9th Canadian Conference on
		  Computational Geometry},
  year		= {1997},
  bibsource	= {DBLP, http://dblp.uni-trier.de}
}

@Proceedings{	  esparza.fraigniaud.ea:automata,
  editor	= {J. Esparza and P. Fraigniaud and T. Husfeldt and E. Koutsoupias},
  title		= {Automata, Languages, and Programming - 41st International
		  Colloquium, ICALP 2014, Copenhagen, Denmark, July 8-11,
		  2014, Proceedings, Part I},
  booktitle	= {Proceedings of the 41st International Colloquium on 
               Automata, Languages, and Programming},
  publisher	= {Springer},
  series	= {Lecture Notes in Computer Science},
  volume	= {8572},
  year		= {2014},
  isbn		= {978-3-662-43947-0},
  ee		= {http://dx.doi.org/10.1007/978-3-662-43948-7},
  bibsource	= {DBLP, http://dblp.uni-trier.de}
}

@Article{	  few:shortest,
  author	= {L. Few},
  title		= {The Shortest Path and the Shortest Road Through $n$
		  Points},
  journal	= {Mathematika},
  volume	= {2},
  year		= {1955},
  pages		= {141--144}
}

@Article{	  friedrich.eades:graph,
  author	= {C. Friedrich and P. Eades},
  title		= {Graph Drawing in Motion},
  journal	= {Journal of Graph Algorithms and Applications},
  volume	= {6},
  number	= {3},
  year		= {2002},
  pages		= {353--370},
  ee		= {http://www.cs.brown.edu/publications/jgaa/accepted/2002/FriedrichEades2002.6.3.pdf}
		  ,
  bibsource	= {DBLP, http://dblp.uni-trier.de}
}

@Article{	  gotsman.surazhsky:guaranteed,
  author	= {C. Gotsman and V. Surazhsky},
  title		= {Guaranteed intersection-free polygon morphing},
  journal	= {Computers {\&} Graphics},
  volume	= {25},
  number	= {1},
  year		= {2001},
  pages		= {67--75},
  ee		= {http://dx.doi.org/10.1016/S0097-8493(00)00108-4},
  bibsource	= {DBLP, http://dblp.uni-trier.de}
}

@Book{		  grunbaum.shephard:geometry,
  author	= {B. Gr\'unbaum and G.C. Shephard},
  title		= {The geometry of planar graphs},
  publisher	= {Cambridge University Press},
  year		= {1981}
}

@Proceedings{	  khanna:proceedings,
  editor	= {S. Khanna},
  title		= {Proceedings of the Twenty-Fourth Annual ACM-SIAM Symposium
		  on Discrete Algorithms, SODA 2013, New Orleans, Louisiana,
		  USA, January 6-8, 2013},
  booktitle	= {Proceedings of the Twenty-Fourth Annual ACM-SIAM Symposium
		  on Discrete Algorithms},
  publisher	= {SIAM},
  year		= {2013},
  isbn		= {978-1-61197-251-1, 978-1-61197-310-5},
  ee		= {http://dx.doi.org/10.1137/1.9781611973105},
  bibsource	= {DBLP, http://dblp.uni-trier.de}
}

@Article{	  kranakis.urrutia:isomorphic,
  author	= {E. Kranakis and J. Urrutia},
  title		= {Isomorphic Triangulations with Small Number of {S}teiner
		  Points},
  journal	= {International Journal of Computational Geometry and
               Applications},
  volume	= {9},
  number	= {2},
  year		= {1999},
  pages		= {171--180},
  ee		= {http://dx.doi.org/10.1142/S0218195999000121},
  bibsource	= {DBLP, http://dblp.uni-trier.de}
}

@Proceedings{	  liotta:graph,
  editor	= {G. Liotta},
  title		= {Graph Drawing, 11th International Symposium, GD 2003,
		  Perugia, Italy, September 21-24, 2003, Revised Papers},
  booktitle	= {Proceedings of the 11th International Symposium on Graph Drawing},
  publisher	= {Springer},
  series	= {Lecture Notes in Computer Science},
  volume	= {2912},
  year		= {2004},
  isbn		= {3-540-20831-3},
  bibsource	= {DBLP, http://dblp.uni-trier.de}
}

@Article{	  moran:on,
  author	= {S. Moran},
  title		= {On the Length of the Optimal {TSP} Circuits in Sets of
		  Bounded Diameter},
  journal	= {Journal of Combinatorial Theory, Series B},
  volume	= {37},
  pages		= {113--141},
  year		= {1984}
}

@Proceedings{	  ramachandran:proceedings,
  editor	= {V. Ramachandran},
  title		= {Proceedings of the Fourth Annual ACM/SIGACT-SIAM Symposium
		  on Discrete Algorithms, 25-27 January 1993, Austin, Texas},
  booktitle	= {Proceedings of the Fourth Annual ACM/SIGACT-SIAM Symposium
		  on Discrete Algorithms},
  publisher	= {ACM/SIAM},
  year		= {1993},
  isbn		= {0-89791-562-3},
  ee		= {http://dl.acm.org/citation.cfm?id=313559},
  bibsource	= {DBLP, http://dblp.uni-trier.de}
}

@Article{	  rosenkrantz.stearns.ea:analysis,
  author	= {D. J. Rosenkrantz and R. E. Stearns and P. M. Lewis II},
  title		= {An Analysis of Several Heuristics for the Traveling
		  Salesman Problem},
  journal	= {SIAM Journal on Computing},
  volume	= {6},
  number	= {3},
  year		= {1977},
  pages		= {563-581},
  ee		= {http://dx.doi.org/10.1137/0206041},
  bibsource	= {DBLP, http://dblp.uni-trier.de}
}

@Article{	  rutter.wolff:augmenting,
  author	= {I. Rutter and A. Wolff},
  title		= {Augmenting the Connectivity of Planar and Geometric
		  Graphs},
  journal	= {Journal of Graph Algorithms Applications},
  volume	= {16},
  number	= {2},
  year		= {2012},
  pages		= {599--628},
  ee		= {http://dx.doi.org/10.7155/jgaa.00275},
  bibsource	= {DBLP, http://dblp.uni-trier.de}
}

@Article{	  steele.snyder:worst-case,
  author	= {J. M. Steele and T. Law Snyder},
  title		= {Worst-Case Growth Rates of Some Classical Problems of
		  Combinatorial Optimization},
  journal	= {SIAM Journal on Computing},
  volume	= {18},
  number	= {2},
  year		= {1989},
  pages		= {278--287},
  ee		= {http://dx.doi.org/10.1137/0218019},
  bibsource	= {DBLP, http://dblp.uni-trier.de}
}

@Article{	  surazhsky.gotsman:controllable,
  author	= {V. Surazhsky and C. Gotsman},
  title		= {Controllable morphing of compatible planar
		  triangulations},
  journal	= {ACM Transactions on Graphics},
  volume	= {20},
  number	= {4},
  year		= {2001},
  pages		= {203--231},
  ee		= {http://doi.acm.org/10.1145/502783.502784},
  bibsource	= {DBLP, http://dblp.uni-trier.de}
}

@Article{	  surazhsky.gotsman:intrinsic,
  author	= {V. Surazhsky and C. Gotsman},
  title		= {Intrinsic Morphing of Compatible Triangulations},
  journal	= {International Journal of Shape Modeling},
  volume	= {9},
  number	= {2},
  year		= {2003},
  pages		= {191--202},
  ee		= {http://dx.doi.org/10.1142/S0218654303000115},
  bibsource	= {DBLP, http://dblp.uni-trier.de}
}

@Article{	  thomassen:deformations,
  author	= {C. Thomassen},
  title		= {Deformations of plane graphs},
  journal	= {Journal of Combinatorial Theory, Series B},
  volume	= 34,
  number	= 3,
  pages		= {244--257},
  year		= 1983
}

@Article{	  toth:connectivity,
  author	= {C. D. T{\'o}th},
  title		= {Connectivity augmentation in planar straight line graphs},
  journal	= {European Journal of Combinatorics},
  volume	= {33},
  number	= {3},
  year		= {2012},
  pages		= {408--425}
}
