@article{t-capsg-12,
  author    = {C. D. T{\'o}th},
  title     = {Connectivity augmentation in planar straight line graphs},
  journal   = {Eur. J. Comb.},
  volume    = {33},
  number    = {3},
  year      = {2012},
  pages     = {408--425}
}

@article{rw-acpgg-12,
  author    = {I. Rutter and
               A. Wolff},
  title     = {Augmenting the Connectivity of Planar and Geometric Graphs},
  journal   = {J. Graph Algorithms Appl.},
  volume    = {16},
  number    = {2},
  year      = {2012},
  pages     = {599--628},
  ee        = {http://dx.doi.org/10.7155/jgaa.00275},
  bibsource = {DBLP, http://dblp.uni-trier.de}
}


@article{aghtu-acgg-08,
  author    = {M. Abellanas and
               A. Garc\'{\i}a Olaverri and
               F. Hurtado and
               J. Tejel and
               J. Urrutia},
  title     = {Augmenting the connectivity of geometric graphs},
  journal   = {Comput. Geom.},
  volume    = {40},
  number    = {3},
  year      = {2008},
  pages     = {220--230}
}


@inproceedings{babikov.souvaine.ea:constructing,
  author    = {Mark Babikov and
               Diane L. Souvaine and
               Rephael Wenger},
  title     = {Constructing piecewise linear homeomorphisms of polygons
               with holes},
  booktitle = {CCCG},
  year      = {1997},
  crossref  = {DBLP:conf/cccg/1997},
  bibsource = {DBLP, http://dblp.uni-trier.de}
}
@proceedings{DBLP:conf/cccg/1997,
  title     = {Proceedings of the 9th Canadian Conference on Computational
               Geometry, Kingston, Ontario, Canada, August 11-14, 1997},
  booktitle = {CCCG},
  year      = {1997},
  bibsource = {DBLP, http://dblp.uni-trier.de}
}


@article{aronov.seidel.ea:compatible,
  author    = {Boris Aronov and
               Raimund Seidel and
               Diane L. Souvaine},
  title     = {On Compatible Triangulations of Simple Polygons},
  journal   = {Comput. Geom.},
  volume    = {3},
  year      = {1993},
  pages     = {27--35},
  ee        = {http://dx.doi.org/10.1016/0925-7721(93)90028-5},
  bibsource = {DBLP, http://dblp.uni-trier.de}
}

@article{kranakis.urrutia:isomorphic,
  author    = {Evangelos Kranakis and
               Jorge Urrutia},
  title     = {Isomorphic Triangulations with Small Number of {S}teiner Points},
  journal   = {Int. J. Comput. Geometry Appl.},
  volume    = {9},
  number    = {2},
  year      = {1999},
  pages     = {171--180},
  ee        = {http://dx.doi.org/10.1142/S0218195999000121},
  bibsource = {DBLP, http://dblp.uni-trier.de}
}

@inproceedings{angelini.dalozzo.ea:morphing,
  author    = {Patrizio Angelini and
               Giordano Da Lozzo and
               Giuseppe Di Battista and
               Fabrizio Frati and
               Maurizio Patrignani and
               Vincenzo Roselli},
  title     = {Morphing Planar Graph Drawings Optimally},
  booktitle = {ICALP (1)},
  year      = {2014},
  pages     = {126--137},
  ee        = {http://dx.doi.org/10.1007/978-3-662-43948-7_11},
  crossref  = {DBLP:conf/icalp/2014-1},
  bibsource = {DBLP, http://dblp.uni-trier.de}
}
@proceedings{DBLP:conf/icalp/2014-1,
  editor    = {Javier Esparza and
               Pierre Fraigniaud and
               Thore Husfeldt and
               Elias Koutsoupias},
  title     = {Automata, Languages, and Programming - 41st International
               Colloquium, ICALP 2014, Copenhagen, Denmark, July 8-11,
               2014, Proceedings, Part I},
  booktitle = {ICALP (1)},
  publisher = {Springer},
  series    = {Lecture Notes in Computer Science},
  volume    = {8572},
  year      = {2014},
  isbn      = {978-3-662-43947-0},
  ee        = {http://dx.doi.org/10.1007/978-3-662-43948-7},
  bibsource = {DBLP, http://dblp.uni-trier.de}
}

@inproceedings{erten.kobourov.ea:intersection,
  author    = {Cesim Erten and
               Stephen G. Kobourov and
               Chandan Pitta},
  title     = {Intersection-Free Morphing of Planar Graphs},
  booktitle = {Graph Drawing},
  year      = {2003},
  pages     = {320--331},
  ee        = {http://dx.doi.org/10.1007/978-3-540-24595-7_30},
  crossref  = {DBLP:conf/gd/2003},
  bibsource = {DBLP, http://dblp.uni-trier.de}
}
@proceedings{DBLP:conf/gd/2003,
  editor    = {Giuseppe Liotta},
  title     = {Graph Drawing, 11th International Symposium, GD 2003, Perugia,
               Italy, September 21-24, 2003, Revised Papers},
  booktitle = {Graph Drawing},
  publisher = {Springer},
  series    = {Lecture Notes in Computer Science},
  volume    = {2912},
  year      = {2004},
  isbn      = {3-540-20831-3},
  bibsource = {DBLP, http://dblp.uni-trier.de}
}

@article{friedrich.eades:graph,
  author    = {Carsten Friedrich and
               Peter Eades},
  title     = {Graph Drawing in Motion},
  journal   = {J. Graph Algorithms Appl.},
  volume    = {6},
  number    = {3},
  year      = {2002},
  pages     = {353--370},
  ee        = {http://www.cs.brown.edu/publications/jgaa/accepted/2002/FriedrichEades2002.6.3.pdf},
  bibsource = {DBLP, http://dblp.uni-trier.de}
}


@article{gotsman.surazhsky:guaranteed,
  author    = {Craig Gotsman and
               Vitaly Surazhsky},
  title     = {Guaranteed intersection-free polygon morphing},
  journal   = {Computers {\&} Graphics},
  volume    = {25},
  number    = {1},
  year      = {2001},
  pages     = {67--75},
  ee        = {http://dx.doi.org/10.1016/S0097-8493(00)00108-4},
  bibsource = {DBLP, http://dblp.uni-trier.de}
}

@article{surazhsky.gotsman:controllable,
  author    = {Vitaly Surazhsky and
               Craig Gotsman},
  title     = {Controllable morphing of compatible planar triangulations},
  journal   = {ACM Trans. Graph.},
  volume    = {20},
  number    = {4},
  year      = {2001},
  pages     = {203--231},
  ee        = {http://doi.acm.org/10.1145/502783.502784},
  bibsource = {DBLP, http://dblp.uni-trier.de}
}


@article{surazhsky.gotsman:intrinsic,
  author    = {Vitaly Surazhsky and
               Craig Gotsman},
  title     = {Intrinsic Morphing of Compatible Triangulations},
  journal   = {International Journal of Shape Modeling},
  volume    = {9},
  number    = {2},
  year      = {2003},
  pages     = {191--202},
  ee        = {http://dx.doi.org/10.1142/S0218654303000115},
  bibsource = {DBLP, http://dblp.uni-trier.de}
}

@Article{cairns:deformations,
  author    = {S. S. Cairns},
  title     = {Deformations of plane rectilinear complexes},
  journal   = {American Math. Monthly},
  volume    = {51},
  pages     = {247--252},
  year      = {1944}
}

@Article{thomassen:deformations,
  author    = {C. Thomassen},
  title     = {Deformations of plane graphs},
  journal   = {Journal of Combinatorial Theory, Series B},
  volume    = 34,
  number    = 3,
  pages     = {244--257},
  year      = 1983,
}

@Book{grunbaum.shephard:geometry,
   author    = {B. Grunbaum and G.C. Shephard},
   title     = {The geometry of planar graphs},
   publisher = {Cambridge University Press},
   year      = {1981}
}

@inproceedings{alamdari.angelini.ea:morphing,
  author    = {Soroush Alamdari and
               Patrizio Angelini and
               Timothy M. Chan and
               Giuseppe Di Battista and
               Fabrizio Frati and
               Anna Lubiw and
               Maurizio Patrignani and
               Vincenzo Roselli and
               Sahil Singla and
               Bryan T. Wilkinson},
  title     = {Morphing Planar Graph Drawings with a Polynomial Number
               of Steps},
  booktitle = {SODA},
  year      = {2013},
  pages     = {1656--1667},
  ee        = {http://dx.doi.org/10.1137/1.9781611973105.119},
  crossref  = {DBLP:conf/soda/2013},
  bibsource = {DBLP, http://dblp.uni-trier.de}
}
@proceedings{DBLP:conf/soda/2013,
  editor    = {Sanjeev Khanna},
  title     = {Proceedings of the Twenty-Fourth Annual ACM-SIAM Symposium
               on Discrete Algorithms, SODA 2013, New Orleans, Louisiana,
               USA, January 6-8, 2013},
  booktitle = {SODA},
  publisher = {SIAM},
  year      = {2013},
  isbn      = {978-1-61197-251-1, 978-1-61197-310-5},
  ee        = {http://dx.doi.org/10.1137/1.9781611973105},
  bibsource = {DBLP, http://dblp.uni-trier.de}
}


@inproceedings{bern.eppstein:worst,
  author    = {Marshall W. Bern and
               David Eppstein},
  title     = {Worst-Case Bounds for Subadditive Geometric Graphs},
  booktitle = {Symposium on Computational Geometry},
  year      = {1993},
  pages     = {183--188},
  ee        = {http://doi.acm.org/10.1145/160985.161018},
  bibsource = {DBLP, http://dblp.uni-trier.de}
}

@article{steele.snyder:worst,
  author    = {J. Michael Steele and
               Timothy Law Snyder},
  title     = {Worst-Case Growth Rates of Some Classical Problems of Combinatorial
               Optimization},
  journal   = {SIAM J. Comput.},
  volume    = {18},
  number    = {2},
  year      = {1989},
  pages     = {278--287},
  ee        = {http://dx.doi.org/10.1137/0218019},
  bibsource = {DBLP, http://dblp.uni-trier.de}
}

@inproceedings{callahan.kosaraju:faster,
  author    = {Paul B. Callahan and
               S. Rao Kosaraju},
  title     = {Faster Algorithms for Some Geometric Graph Problems in Higher
               Dimensions},
  booktitle = {SODA},
  year      = {1993},
  pages     = {291--300},
  ee        = {http://dl.acm.org/citation.cfm?id=313559.313777},
  crossref  = {DBLP:conf/soda/1993},
  bibsource = {DBLP, http://dblp.uni-trier.de}
}
@proceedings{DBLP:conf/soda/1993,
  editor    = {Vijaya Ramachandran},
  title     = {Proceedings of the Fourth Annual ACM/SIGACT-SIAM Symposium
               on Discrete Algorithms, 25-27 January 1993, Austin, Texas},
  booktitle = {SODA},
  publisher = {ACM/SIAM},
  year      = {1993},
  isbn      = {0-89791-562-3},
  ee        = {http://dl.acm.org/citation.cfm?id=313559},
  bibsource = {DBLP, http://dblp.uni-trier.de}
}

@article{moran:on,
  author    = {Shlomo Moran},
  title     = {On the Length of the Optimal TSP Circuits in Sets of Bounded
               Diameter},
  journal   = {Journal of Combinatorial Theory, Series B},
  volume    = {37},
  pages     = {113--141},
  year      = {1984}
}
